<?xml version="1.0" encoding="UTF-8"?><collection xmlns="http://www.loc.gov/MARC21/slim"><record><leader>00401nam--2200157-i-4500</leader><controlfield tag="001">000003186</controlfield><controlfield tag="002">20161230</controlfield><controlfield tag="005">20161230201025</controlfield><controlfield tag="008">060222s1000------------r-----000-0-eng-d</controlfield><datafield ind1=" " ind2=" " tag="040"><subfield code="a">IFIN-HH</subfield></datafield><datafield ind1="1" ind2=" " tag="100"><subfield code="a">Carman, P.C</subfield></datafield><datafield ind1="1" ind2="0" tag="245"><subfield code="a">Flow of gases through porous media</subfield><subfield code="c">P.C. Carman</subfield></datafield><datafield ind1=" " ind2=" " tag="260"><subfield code="a">London, Butterworth, 1956</subfield></datafield><datafield ind1=" " ind2=" " tag="300"><subfield code="a">XI + 182 P</subfield></datafield><datafield ind1=" " ind2=" " tag="852"><subfield code="a">12725</subfield><subfield code="c">533.7</subfield></datafield><datafield ind1=" " ind2=" " tag="CAT"><subfield code="a">Sys</subfield><subfield code="c">20100915</subfield><subfield code="h">102446</subfield></datafield></record></collection>